@online{Indiaisf86:online,
title = {India is facing a possible mental health epidemic, says President - The Hindu},
url = {http://www.thehindu.com/news/national/karnataka/india-is-facing-a-possible-mental-health-epidemic-says-president/article22335971.ece},
urldate = {05/19/2018}
}

@online{WorldHea85:online,
title = {World Health Organization, Mental health in India},
url = {http://www.searo.who.int/india/topics/mental_health/about_mentalhealth/en/},
urldate = {05/19/2018}
}

@online{Mentalhe78:online,
title = {Mental health awareness: The Indian scenario},
url = {https://www.ncbi.nlm.nih.gov/pmc/articles/PMC5479084/},
urldate = {05/19/2018}
}

@online{Stressan84:online,
title = {Stress and Anxiety: Causes and Management},
url = {https://www.healthline.com/health/stress-and-anxiety},
urldate = {05/19/2018}
}

@article{montgomery_åsberg_1979,
title={A New Depression Scale Designed to be Sensitive to Change},
volume={134},
DOI={10.1192/bjp.134.4.382},
number={4},
journal={British Journal of Psychiatry},
publisher={Cambridge University Press},
author={Montgomery, Stuart A. and Åsberg, Marie},
year={1979},
pages={382–389}
}

@article{KERLY2007177,
title = "Bringing chatbots into education: Towards natural language negotiation of open learner models",
journal = "Knowledge-Based Systems",
volume = "20",
number = "2",
pages = "177 - 185",
year = "2007",
note = "AI 2006",
issn = "0950-7051",
doi = "https://doi.org/10.1016/j.knosys.2006.11.014",
url = "http://www.sciencedirect.com/science/article/pii/S0950705106001912",
author = "Alice Kerly and Phil Hall and Susan Bull",
keywords = "Conversational agents, Chatbots, Learner modelling, Negotiation, Natural language"
}

@article{article,
author = {Shawar, Bayan and Atwell, Eric},
year = {2007},
month = {01},
pages = {29-49},
title = {Chatbots: Are they Really Useful?},
volume = {22},
booktitle = {LDV Forum}
}

@misc{asjjxlw,
year = {2018},
month = {05},
pages = {18-33},
title = {Designing Conversational Agents for Energy Feedback},
isbn = {978-3-319-91799-3}
}

@article{wrro81678,
title = {Web chatbots: the next generation of speech systems?},
author = {ES Atwell},
publisher = {Tower Business Media Ltd},
year = {2005},
pages = {142 -- 143},
journal = {European CEO},
url = {http://eprints.whiterose.ac.uk/81678/}
}

@misc{asjhdna,
author = {Følstad, Asbjørn and Brandtzaeg, Petter and Feltwell, Tom and L-C. Law, Effie and Tscheligi, Manfred and A. Luger, Ewa},
year = {2018},
month = {04},
pages = {1-4},
title = {SIG: Chatbots for Social Good}
}

@misc{wrro82296,
booktitle = {ACSE'2010: Sixth IASTED International Conference on Advances in Computer Science and Engineering},
title = {Chatbots: can they serve as natural language interfaces to QA corpus?},
author = {B Abu Shawar and ES Atwell},
publisher = {ACTA Press},
year = {2010},
journal = {Proceeding (689) Advances in Computer Science and Engineering / 690: Internet and Multimedia Systems and Applications - 2010},
keywords = {Chatbot; QA system; human computer interfaces; AIM},
url = {http://eprints.whiterose.ac.uk/82296/}
}

@misc{sdfs2332,
author = {Pereira, Juanan and Díaz, Oscar},
year = {2018},
month = {04},
title = {A quality analysis of Facebook Messenger's most popular chatbots}
}

@misc{dljhfads232,
author = {Mensio, Martino},
year = {2018},
month = {04},
title = {Deep Semantic Learning for Conversational Agents}
}

@article{article1231,
author = {Fadhil, Ahmed},
year = {2018},
month = {03},
title = {A Conversational Interface to Improve Medication Adherence: Towards AI Support in Patient's Treatment}
}

@article{article12312,
author = {Mehrotra, Seema and Sudhir, Paulomi and Rao, Girish and Thirthalli, Jagadisha and Srikanth, TK},
year = {2018},
month = {03},
pages = {36},
title = {Development and Pilot Testing of an Internet-Based Self-Help Intervention for Depression for Indian Users},
volume = {8},
booktitle = {Behavioral Sciences}
}

@article{articles12e32,
author = {Ijaz, Sharea and Davies, Philippa and J Williams, Catherine and Kessler, David and Lewis, Glyn and Wiles, Nicola},
year = {2018},
month = {05},
pages = {},
title = {Psychological therapies for treatment-resistant depression in adults},
volume = {5},
booktitle = {Cochrane Database of Systematic Reviews}
}

@article{article23c23,
author = {Haliburn, Joan and Stevenson, Janine and Halovic, Shaun and Korner, Anthony},
year = {2018},
month = {05},
pages = {},
title = {Partnerships in Mental Health: Collaboration in Short-Term Dynamic Interpersonal Psychotherapy with Adolescents},
volume = {52},
booktitle = {Australian and New Zealand Journal of Psychiatry}
}

@article{lj2349,
year = {2018},
month = {05},
pages = {39-47},
title = {Prediction of Student Academic Performance using Neural Network, Linear Regression and Support Vector Regression: A Case Study},
volume = {180},
booktitle = {International Journal of Computer Applications}
}